<marc:collection xmlns:marc="http://www.loc.gov/MARC21/slim" xmlns:xsi="http://www.w3.org/2001/XMLSchema-instance" xsi:schemaLocation="http://www.loc.gov/MARC21/slim http://www.loc.gov/standards/marcxml/schema/MARC21slim.xsd">
    <marc:record type="Bibliographic">
        <marc:leader>02573cem a22004935a 4500</marc:leader>
        <marc:controlfield tag="001">7097423</marc:controlfield>
        <marc:controlfield tag="005">20140217101007.0</marc:controlfield>
        <marc:controlfield tag="006">edz     a     0   </marc:controlfield>
        <marc:controlfield tag="007">aj canzn</marc:controlfield>
        <marc:controlfield tag="008">120619 1866    enkdz    eg     0       d</marc:controlfield>
        <marc:datafield tag="034" ind1="0" ind2=" ">
            <marc:subfield code="a">a</marc:subfield>
            <marc:subfield code="b">2112000</marc:subfield>
            <marc:subfield code="d">028.000000</marc:subfield>
            <marc:subfield code="e">034.000000</marc:subfield>
            <marc:subfield code="f">05.500000</marc:subfield>
            <marc:subfield code="g">-03.5000000</marc:subfield>
        </marc:datafield>
        <marc:datafield tag="040" ind1=" " ind2=" ">
            <marc:subfield code="a">NjP</marc:subfield>
            <marc:subfield code="c">NjP</marc:subfield>
        </marc:datafield>
        <marc:datafield tag="041" ind1="0" ind2=" ">
            <marc:subfield code="a">eng</marc:subfield>
        </marc:datafield>
        <marc:datafield tag="043" ind1=" " ind2=" ">
            <marc:subfield code="a">f-cg---</marc:subfield>
            <marc:subfield code="a">f-ug---</marc:subfield>
            <marc:subfield code="a">u-at-vi</marc:subfield>
        </marc:datafield>
        <marc:datafield tag="045" ind1="2" ind2=" ">
            <marc:subfield code="b">d1864</marc:subfield>
            <marc:subfield code="b">d1865</marc:subfield>
        </marc:datafield>
        <marc:datafield tag="050" ind1=" " ind2="4">
            <marc:subfield code="a">G8422.A5S12 1864</marc:subfield>
            <marc:subfield code="b">.R6</marc:subfield>
        </marc:datafield>
        <marc:datafield tag="052" ind1=" " ind2=" ">
            <marc:subfield code="a">8422</marc:subfield>
            <marc:subfield code="b">A5</marc:subfield>
        </marc:datafield>
        <marc:datafield tag="100" ind1="1" ind2=" ">
            <marc:subfield code="a">Baker, Samuel White,</marc:subfield>
            <marc:subfield code="c">Sir,</marc:subfield>
            <marc:subfield code="d">1821-1893.</marc:subfield>
        </marc:datafield>
        <marc:datafield tag="245" ind1="1" ind2="2">
            <marc:subfield code="a">A map of the Albert N'yanza and of the routes leading to its discovery in 1864</marc:subfield>
            <marc:subfield code="h">[cartographic material] /</marc:subfield>
            <marc:subfield code="c">by Samuel White Baker, Esq.</marc:subfield>
        </marc:datafield>
        <marc:datafield tag="255" ind1=" " ind2=" ">
            <marc:subfield code="a">Scale [ca. 1:2,112,000]</marc:subfield>
            <marc:subfield code="c">(E 28째00'--E 34째00'/N 5째30'--S 3째30').</marc:subfield>
        </marc:datafield>
        <marc:datafield tag="260" ind1=" " ind2=" ">
            <marc:subfield code="a">London :</marc:subfield>
            <marc:subfield code="b">published for the Journal of the Royal Geographical Society, by J. Murray, Albemarle Street,</marc:subfield>
            <marc:subfield code="c">1866.</marc:subfield>
        </marc:datafield>
        <marc:datafield tag="300" ind1=" " ind2=" ">
            <marc:subfield code="a">1 map :</marc:subfield>
            <marc:subfield code="b">col. ;</marc:subfield>
            <marc:subfield code="c">48 x 32 cm.</marc:subfield>
        </marc:datafield>
        <marc:datafield tag="336" ind1=" " ind2=" ">
            <marc:subfield code="a">cartographic image</marc:subfield>
            <marc:subfield code="b">cri</marc:subfield>
            <marc:subfield code="2">rdacontent</marc:subfield>
        </marc:datafield>
        <marc:datafield tag="337" ind1=" " ind2=" ">
            <marc:subfield code="a">unmediated</marc:subfield>
            <marc:subfield code="b">n</marc:subfield>
            <marc:subfield code="2">rdamedia</marc:subfield>
        </marc:datafield>
        <marc:datafield tag="338" ind1=" " ind2=" ">
            <marc:subfield code="a">sheet</marc:subfield>
            <marc:subfield code="b">nb</marc:subfield>
            <marc:subfield code="2">rdacarrier</marc:subfield>
        </marc:datafield>
        <marc:datafield tag="500" ind1=" " ind2=" ">
            <marc:subfield code="a">Relief shown by hachures and spot heights. Depth by soundings.</marc:subfield>
        </marc:datafield>
        <marc:datafield tag="500" ind1=" " ind2=" ">
            <marc:subfield code="a">From: the Journal of the Royal Geographical Society of London. Vol. 36, (1866), pp. 1-18; held in Firestone Library. Call number: G7 .J687 vol.36 1866.</marc:subfield>
            <marc:subfield code="5">NjP</marc:subfield>
        </marc:datafield>
        <marc:datafield tag="501" ind1=" " ind2=" ">
            <marc:subfield code="a">Issued to accompany article: Account of the discovery of the second great lake of the Nile, Albert Nyanza / by Samuel White Baker, Esq. Read before the Royal Geographical Society, November 13th, 1865.</marc:subfield>
            <marc:subfield code="5">NjP</marc:subfield>
        </marc:datafield>
        <marc:datafield tag="530" ind1=" " ind2=" ">
            <marc:subfield code="a">Available also online through the Princeton University Libraries, Digital Map &amp; Geographic Data Web site.</marc:subfield>
        </marc:datafield>
        <marc:datafield tag="530" ind1=" " ind2=" ">
            <marc:subfield code="a">Online version of article available also through the JSTOR Web site. Access limited to  subscribing member institutions only.</marc:subfield>
        </marc:datafield>
        <marc:datafield tag="600" ind1="1" ind2="0">
            <marc:subfield code="a">Baker, Samuel White,</marc:subfield>
            <marc:subfield code="c">Sir,</marc:subfield>
            <marc:subfield code="d">1821-1893</marc:subfield>
            <marc:subfield code="x">Travel</marc:subfield>
            <marc:subfield code="v">Maps.</marc:subfield>
        </marc:datafield>
        <marc:datafield tag="650" ind1=" " ind2="0">
            <marc:subfield code="a">Congo (Democratic Republic)</marc:subfield>
            <marc:subfield code="v">Maps.</marc:subfield>
        </marc:datafield>
        <marc:datafield tag="650" ind1=" " ind2="0">
            <marc:subfield code="a">Uganda</marc:subfield>
            <marc:subfield code="v">Maps.</marc:subfield>
        </marc:datafield>
        <marc:datafield tag="651" ind1=" " ind2="0">
            <marc:subfield code="a">Nile River.</marc:subfield>
        </marc:datafield>
        <marc:datafield tag="651" ind1=" " ind2="0">
            <marc:subfield code="a">Albert, Lake (Congo and Uganda)</marc:subfield>
            <marc:subfield code="x">Discovery and exploration</marc:subfield>
            <marc:subfield code="y">19th century.</marc:subfield>
        </marc:datafield>
        <marc:datafield tag="655" ind1=" " ind2="7">
            <marc:subfield code="a">Thematic maps.</marc:subfield>
            <marc:subfield code="2">lcgft</marc:subfield>
        </marc:datafield>
        <marc:datafield tag="710" ind1="2" ind2=" ">
            <marc:subfield code="a">Royal Geographical Society (Great Britain)</marc:subfield>
        </marc:datafield>
        <marc:datafield tag="710" ind1="2" ind2=" ">
            <marc:subfield code="a">John Murray (Firm),</marc:subfield>
            <marc:subfield code="e">publisher.</marc:subfield>
        </marc:datafield>
        <marc:datafield tag="710" ind1="2" ind2=" ">
            <marc:subfield code="a">Edward Stanford Ltd.,</marc:subfield>
            <marc:subfield code="e">lithographer.</marc:subfield>
        </marc:datafield>
        <marc:datafield tag="773" ind1="0" ind2=" ">
            <marc:subfield code="t">Journal of the Royal Geographical Society of London.</marc:subfield>
            <marc:subfield code="g">Vol. 36 1866, p. 1-18, to face page 1.</marc:subfield>
            <marc:subfield code="d">London : John Murray.</marc:subfield>
        </marc:datafield>
        <marc:datafield tag="852" ind1="8" ind2=" ">
            <marc:subfield code="b">scimap</marc:subfield>
            <marc:subfield code="h">G8422.A5S12 1864</marc:subfield>
            <marc:subfield code="i">.R6</marc:subfield>
        </marc:datafield>
        <marc:datafield tag="856" ind1="4" ind2="1">
            <marc:subfield code="z">See the map</marc:subfield>
            <marc:subfield code="u">http://gisserver.princeton.edu/map/26864</marc:subfield>
        </marc:datafield>
        <marc:datafield tag="856" ind1="4" ind2="1">
            <marc:subfield code="u">http://www.jstor.org/stable/1798488</marc:subfield>
        </marc:datafield>
        <marc:datafield tag="902" ind1=" " ind2=" ">
            <marc:subfield code="a">bh</marc:subfield>
            <marc:subfield code="b">x</marc:subfield>
            <marc:subfield code="6">e</marc:subfield>
            <marc:subfield code="7">m</marc:subfield>
            <marc:subfield code="d">v</marc:subfield>
            <marc:subfield code="f">1</marc:subfield>
            <marc:subfield code="e">20120619</marc:subfield>
        </marc:datafield>
    </marc:record>
    <marc:record type="Holdings">
        <marc:leader>00276cx  a22000851  4500</marc:leader>
        <marc:controlfield tag="001">6969844</marc:controlfield>
        <marc:controlfield tag="004">7097423</marc:controlfield>
        <marc:controlfield tag="005">20130923112517.0</marc:controlfield>
        <marc:controlfield tag="008">1206194u    8   1001uu   0901128</marc:controlfield>
        <marc:datafield tag="852" ind1="8" ind2=" ">
            <marc:subfield code="b">scimap</marc:subfield>
            <marc:subfield code="h">G8422.A5S12 1864</marc:subfield>
            <marc:subfield code="i">.R6</marc:subfield>
            <marc:subfield code="z">Map is accompanied by a book. To locate volume, search call number: G7 .J687 v. 36 1866.</marc:subfield>
        </marc:datafield>
    </marc:record>
</marc:collection>
